<record><leader>00000cas a22000007a 4500</leader><controlfield tag="001">34790136</controlfield><controlfield tag="008">960525d19091920okuwr n       0    0eng d</controlfield><datafield ind1=" " ind2=" " tag="010"><subfield code="a">sn 96087809 </subfield></datafield><datafield ind1=" " ind2=" " tag="040"><subfield code="a">OBN</subfield><subfield code="b">eng</subfield><subfield code="c">OBN</subfield><subfield code="d">OCLCQ</subfield><subfield code="d">OCLCF</subfield><subfield code="d">OCLCO</subfield></datafield><datafield ind1="1" ind2=" " tag="029"><subfield code="a">AU@</subfield><subfield code="b">000012570569</subfield></datafield><datafield ind1=" " ind2=" " tag="042"><subfield code="a">msc</subfield></datafield><datafield ind1=" " ind2=" " tag="043"><subfield code="a">n-us-ok</subfield></datafield><datafield ind1="0" ind2=" " tag="130"><subfield code="a">Wagoner County record (Wagoner, Okla.)</subfield></datafield><datafield ind1="1" ind2="0" tag="245"><subfield code="a">Wagoner County record.</subfield></datafield><datafield ind1="3" ind2=" " tag="246"><subfield code="a">Record</subfield></datafield><datafield ind1=" " ind2=" " tag="260"><subfield code="a">Wagoner, Wagoner County, Okla. :</subfield><subfield code="b">Cobb, Foster &amp; Foster</subfield></datafield><datafield ind1=" " ind2=" " tag="300"><subfield code="a">v.</subfield></datafield><datafield ind1=" " ind2=" " tag="310"><subfield code="a">Weekly</subfield></datafield><datafield ind1="1" ind2=" " tag="362"><subfield code="a">Began in 1909.</subfield></datafield><datafield ind1="0" ind2=" " tag="362"><subfield code="a">-v. 28, no. 46 (July 1, 1920).</subfield></datafield><datafield ind1=" " ind2=" " tag="588"><subfield code="a">Description based on: Vol. 18, no. 4 (Sep. 23, 1909).</subfield></datafield><datafield ind1=" " ind2="0" tag="651"><subfield code="a">Wagoner (Okla.)</subfield><subfield code="v">Newspapers.</subfield></datafield><datafield ind1=" " ind2="0" tag="651"><subfield code="a">Wagoner County (Okla.)</subfield><subfield code="v">Newspapers.</subfield></datafield><datafield ind1=" " ind2="7" tag="655"><subfield code="a">Newspapers.</subfield><subfield code="2">fast</subfield><subfield code="0">(OCoLC)fst01423814</subfield></datafield><datafield ind1=" " ind2="7" tag="651"><subfield code="a">Oklahoma</subfield><subfield code="z">Wagoner.</subfield><subfield code="2">fast</subfield><subfield code="0">(OCoLC)fst01208619</subfield></datafield><datafield ind1=" " ind2="7" tag="651"><subfield code="a">Oklahoma</subfield><subfield code="z">Wagoner County.</subfield><subfield code="2">fast</subfield><subfield code="0">(OCoLC)fst01208618</subfield></datafield><datafield ind1=" " ind2=" " tag="752"><subfield code="a">United States</subfield><subfield code="b">Oklahoma</subfield><subfield code="c">Wagoner</subfield><subfield code="d">Wagoner.</subfield></datafield><datafield ind1="0" ind2="0" tag="780"><subfield code="t">Wagoner record (Wagoner, Okla. : 1892)</subfield><subfield code="w">(DLC)sn 89051004</subfield><subfield code="w">(OCoLC)19036945</subfield></datafield><datafield ind1="0" ind2="7" tag="785"><subfield code="t">Wagoner County democrat (Wagoner, Okla.)</subfield><subfield code="w">(DLC)sn 96087808</subfield><subfield code="w">(OCoLC)34790113</subfield></datafield><datafield ind1="0" ind2="7" tag="785"><subfield code="t">Record-democrat (Wagoner, Okla.)</subfield><subfield code="w">(DLC)sn 96087811</subfield><subfield code="w">(OCoLC)34790170</subfield></datafield></record>